
@book{plattner_-memory_2011,
	address = {Heidelberg},
	title = {In-{Memory} {Data} {Management}},
	publisher = {Springer Heidelberg-Berlin},
	author = {Plattner, Hasso and Zeier, Alexander},
	year = {2011},
	keywords = {external},
}

@book{sap_ha100_2022,
	address = {Walldorf},
	edition = {18},
	title = {{HA100} - {SAP} {HANA} - 360° {Introduction}},
	shorttitle = {{HA100}},
	publisher = {SAP SE},
	author = {SAP},
	year = {2022},
	keywords = {internal},
}

@incollection{hector_main_1992,
	title = {Main {Memory} {Database} {Systems}. {An} {Overview}.},
	booktitle = {{IEEE} {Transactions} on {Knowledge} and {Data} {Engineering}},
	publisher = {IEEE},
	author = {Héctor, García-Molina and Kenneth, Salem},
	year = {1992},
	keywords = {external},
}

@article{wiegand_site_2022,
	address = {Salt Lake City, USA},
	title = {Site {Speed} is ({Still}) {Impacting} {Your} {Conversion} {Rate}},
	url = {https://www.portent.com/blog/analytics/research-site-speed-hurting-everyones-revenue.htm},
	urldate = {2022-10-12},
	journal = {Portent: Analytics},
	author = {Wiegand, Michael},
	year = {2022},
	keywords = {external},
}

@book{krumke_graphentheoretische_2012,
	address = {Wiesbaden},
	edition = {3},
	title = {Graphentheoretische {Konzepte} und {Algorithmen}},
	publisher = {Springer Vieweg},
	author = {Krumke, Sven Oliver and Noltemeier, Hartmut},
	year = {2012},
	keywords = {external},
}

@book{turau_algorithmische_2009,
	address = {München},
	edition = {3},
	title = {Algorithmische {Graphentheorie}},
	publisher = {Oldenbourg Verlag},
	author = {Turau, Voker},
	year = {2009},
	keywords = {external},
}

@book{cormen_algorithmen_2009,
	address = {München},
	edition = {4},
	title = {Algorithmen - {Eine} {Einführung}},
	publisher = {Oldenbourg Verlag},
	author = {Cormen, Thomas H. and Leiserson, Charles E. and Rivest, Ronald and Stein, Clifford},
	year = {2009},
	keywords = {external},
}

@book{ottmann_algorithmen_2017,
	address = {Wiesbaden},
	edition = {6},
	title = {Algorithmen und {Datenstrukturen}},
	publisher = {Springer Vieweg},
	author = {Ottmann, Thomas and Widmayer, Peter},
	year = {2017},
	keywords = {external},
}

@misc{hobarth_alte_2019,
	title = {Alte {Welt}, neue {Welt}},
	url = {https://entwickler.de/java/alte-welt-neue-welt-001},
	abstract = {Dieser Artikel stellt die SAP Cloud Platform und darin angebotene Services überblicksartig vor. Anhand einer Beispielanwendung geht er außerdem detaillierter auf die Entwicklung von Microservices-basierten Java-Anwendungen in der SAP Cloud Platform ein.},
	language = {de-DE},
	urldate = {2023-01-17},
	journal = {entwickler.de Deine Wissensplattform},
	author = {Höbarth, Herbert},
	year = {2019},
	note = {Section: Artikel},
	keywords = {external},
	file = {Snapshot:/Users/I538983/Zotero/storage/M7FLBW5W/alte-welt-neue-welt-001.html:text/html},
}

@book{sap_s4d400_2022,
	address = {Walldorf},
	edition = {22},
	title = {{S4D400} - {Introduction} to {ABAP} {Programming} for {SAP} {S}/4 {HANA}},
	publisher = {SAP SE},
	author = {SAP},
	year = {2022},
	keywords = {internal},
}

@book{sap_s4d425_2022,
	address = {Walldorf},
	edition = {22},
	title = {{S4D425} - {Extensibility} for {SAP} {S}/4 {HANA}},
	publisher = {SAP SE},
	author = {SAP},
	year = {2022},
	keywords = {internal},
}

@book{sap_s4d430_2022,
	address = {Walldorf},
	edition = {22},
	title = {{S4D430} - {Building} {Views} in {Core} {Data} {Services} {ABAP} ({CDS} {ABAP})},
	publisher = {SAP SE},
	author = {SAP},
	year = {2022},
	keywords = {internal},
}

@book{sap_s4d437_2022,
	address = {Walldorf},
	edition = {22},
	title = {{S4D437} - {Transactional} {APPs} with the {ABAP} {RESTful} {Programming} {Model}},
	publisher = {SAP SE},
	author = {SAP},
	year = {2022},
	keywords = {internal},
}

@book{sap_bc400_2008,
	address = {Walldorf},
	edition = {63},
	title = {{BC400} - {ABAP} {Workbench} {Grundlagen}},
	publisher = {SAP SE},
	author = {SAP},
	year = {2008},
	keywords = {internal},
}

@misc{sabidussi_sap_2022,
	address = {Walldorf},
	title = {{SAP} {S}/{4HANA} {Cloud} {Extensibility} - {ABAP} {Environment} aka {Embedded} {Steampunk}},
	author = {Sabidussi, Alessandro},
	year = {2022},
	keywords = {external},
}

@misc{kessler_sap_2022,
	address = {Walldorf},
	title = {{SAP} {S}/{4HANA} {Cloud} {Canapés} - {Embedded} {Steampunk}},
	author = {Kessler, Karl and Bahoosh, Safa and Bokkasam, Harim and Kaushik, Mini and Basalo, Andrea and Koncz, Attila and Nowacki, Marcin and Saunders, Andrew and Muno, Andreas},
	year = {2022},
	keywords = {internal},
}

@misc{burkhard_suchverfahren_2007,
	address = {HU Berlin, Fachschaft Informatik},
	title = {Suchverfahren in {Graphen}},
	author = {Burkhard, Hand-Dieter},
	year = {2007},
	keywords = {external},
}

@misc{kuck_steampunk_nodate,
	title = {Steampunk is going all-in},
	url = {https://blogs.sap.com/2021/09/30/steampunk-is-going-all-in/},
	urldate = {2023-01-17},
	journal = {SAP Blogs},
	author = {Kuck, Harald},
	keywords = {external},
	file = {Steampunk is going all-in | SAP Blogs:/Users/I538983/Zotero/storage/2VNVTHU3/steampunk-is-going-all-in.html:text/html},
}

@book{dasgupta_algorithms_2006,
	address = {Barcelona, Spanien},
	edition = {1},
	title = {Algorithms},
	publisher = {Universitat Politècnica de Catalunya},
	author = {Dasgupta, S. and Papadimitriou, C. H. and Vazirani, U. V.},
	year = {2006},
	keywords = {external},
}

@incollection{vaz_automated_2017,
	address = {Mumbai, Indien},
	title = {Automated {Big}-{O} {Analysis} of {Algorithms}},
	booktitle = {International {Conference} on {Nascent} {Technologies} in the {Engineering} {Field}},
	publisher = {IEEE},
	author = {Vaz, Rayner and Shah, Viraj and Sawhney, Arjun and Deolekar, Rugved},
	year = {2017},
	keywords = {external},
}

@book{tarjan_depth-first_1972,
	address = {Stanford, USA},
	title = {Depth-first {Search} and {Linear} {Graph} {Algorithms}},
	publisher = {Stanford University},
	author = {Tarjan, Robert},
	year = {1972},
	keywords = {external},
}

@book{tarjan_finding_2022,
	address = {Stanford, USA},
	title = {Finding {Strong} {Components} {Using} {Depth}-{First} {Search}},
	publisher = {Stanford University},
	author = {Tarjan, Robert and Zwick, Uri},
	year = {2022},
	keywords = {external},
}

@book{banerjee_space_2018,
	address = {k.A.},
	title = {Space {Efficient} {Linear} {Time} {Algorithms} for {BFS}, {DFS} and {Applications}},
	publisher = {Springer Science+Business Media},
	author = {Banerjee, Niranka and Chakraborty, Sankardeep and Raman, Venkatesh and Satti, Srinivasa Rao},
	year = {2018},
	keywords = {external},
}

@book{weitz_konkrete_2021,
	address = {Hamburg},
	edition = {2},
	title = {Konkrete {Mathemarik} (nicht nur) für {Informatiker}},
	publisher = {Springer Spektrum},
	author = {Weitz, Edmund},
	year = {2021},
	keywords = {external},
}

@book{chivers_introduction_2018,
	address = {London, Großbritannien},
	edition = {4},
	title = {Introduction to {Programing} with {Fortran}},
	publisher = {Springer},
	author = {Chivers, Ian and Sleightholme, Jane},
	year = {2018},
	keywords = {external},
}

@misc{parahar_difference_2019,
	title = {Difference between {BFS} and {DFS}},
	url = {https://www.tutorialspoint.com/difference-between-bfs-and-dfs},
	urldate = {2023-01-22},
	author = {Parahar, Mahesh},
	year = {2019},
	keywords = {external},
	file = {Difference between BFS and DFS:/Users/I538983/Zotero/storage/66YEIU6X/difference-between-bfs-and-dfs.html:text/html},
}

@misc{fiset_graph_2019,
	title = {Graph {Theory} {Algorithms} - {Tutorialspoint}},
	url = {https://www.tutorialspoint.com/graph_theory_algorithms/index.asp},
	urldate = {2023-01-22},
	author = {Fiset, William},
	year = {2019},
	keywords = {external},
	file = {Graph Theory Algorithms - Tutorialspoint:/Users/I538983/Zotero/storage/HZSSXI9I/index.html:text/html},
}

@misc{tabrez_introduction_2022,
	title = {Introduction to {Big} {O} {Notation} in {Data} {Structure}},
	url = {https://www.tutorialspoint.com/introduction-to-big-o-notation-in-data-structure},
	urldate = {2023-01-22},
	author = {Tabrez, Sohail},
	year = {2022},
	keywords = {external},
	file = {Introduction to Big O Notation in Data Structure:/Users/I538983/Zotero/storage/GW3IC82J/introduction-to-big-o-notation-in-data-structure.html:text/html},
}

@book{danziger_big_2010,
	address = {Toronto, Kanada},
	title = {Big {O} {Notation}},
	publisher = {Toronto Metropolitan University's Department of Computer Science},
	author = {Danziger, P.},
	year = {2010},
	keywords = {external},
}

@book{bae_javascript_2019,
	address = {Hamilton, Kanada},
	title = {{JavaScript} {Data} {Structures} and {Algorithms}},
	publisher = {Apress},
	author = {Bae, Sammie},
	year = {2019},
	keywords = {external},
}

@book{rubinstein-salzedo_cryptography_2010,
	address = {Cham, Schweiz},
	title = {Cryptography},
	publisher = {Springer Nature},
	author = {Rubinstein-Salzedo, Simon},
	year = {2010},
	keywords = {external},
}

@book{harbrecht_algorithmische_2022,
	address = {Basel/Lugano, Schweiz},
	title = {Algorithmische {Mathematik}},
	publisher = {Springer Spektrum},
	author = {Harbrecht, Helmut and Multerer, Michael},
	year = {2022},
	keywords = {external},
}

@misc{sap_sap_nodate,
	title = {{SAP} {Development} {Tools}},
	url = {https://tools.eu1.hana.ondemand.com/#abap},
	urldate = {2023-01-22},
	author = {SAP},
	keywords = {external},
	file = {SAP Development Tools:/Users/I538983/Zotero/storage/42SYUMP2/tools.eu1.hana.ondemand.com.html:text/html},
}

@misc{sap_syntaxprufung_nodate,
	title = {Syntaxprüfung - {ABAP}-{Schlüsselwortdokumentation}},
	url = {https://help.sap.com/doc/abapdocu_750_index_htm/7.50/de-de/abensyntax_check_guidl.htm},
	urldate = {2023-01-22},
	author = {SAP},
	keywords = {external},
}

@misc{sap_sap_nodate-1,
	title = {{SAP} {Business} {Technology} {Platform} {\textbar} {SAP} {Help} {Portal}},
	url = {https://help.sap.com/docs/btp/sap-business-technology-platform/sap-business-technology-platform?locale=en-US},
	urldate = {2023-01-22},
	author = {SAP},
	keywords = {external},
	file = {SAP Business Technology Platform | SAP Help Portal:/Users/I538983/Zotero/storage/2PQBJMJV/sap-business-technology-platform.html:text/html},
}

@misc{sap_programmtyp_nodate,
	title = {Programmtyp - {ABAP}-{Schlüsselwortdokumentation}},
	url = {https://help.sap.com/doc/abapdocu_750_index_htm/7.50/de-de/abenprogram_type_guidl.htm},
	urldate = {2023-01-22},
	author = {SAP},
	keywords = {external},
}

@misc{sap_programmattribute_nodate,
	title = {Programmattribute - {ABAP}-{Schlüsselwortdokumentation}},
	url = {https://help.sap.com/doc/abapdocu_750_index_htm/7.50/de-de/abenprogram_attribute_guidl.htm},
	urldate = {2023-01-22},
	author = {SAP},
	keywords = {external},
}

@misc{sap_originalsprache_nodate,
	title = {Originalsprache - {ABAP}-{Schlüsselwortdokumentation}},
	url = {https://help.sap.com/doc/abapdocu_750_index_htm/7.50/de-de/abenoriginal_langu_guidl.htm},
	urldate = {2023-01-22},
	author = {SAP},
	keywords = {external},
	file = {Originalsprache - ABAP-Schlüsselwortdokumentation:/Users/I538983/Zotero/storage/WFD2KU65/abenoriginal_langu_guidl.html:text/html},
}

@misc{sap_modernes_nodate,
	title = {Modernes {ABAP} - {ABAP}-{Schlüsselwortdokumentation}},
	url = {https://help.sap.com/doc/abapdocu_750_index_htm/7.50/de-de/abenmodern_abap_guidl.htm},
	urldate = {2023-01-22},
	author = {SAP},
	keywords = {external},
	file = {Modernes ABAP - ABAP-Schlüsselwortdokumentation:/Users/I538983/Zotero/storage/G7U939QI/abenmodern_abap_guidl.html:text/html},
}

@misc{sap_erweiterte_nodate,
	title = {Erweiterte {Programmprüfung} - {ABAP}-{Schlüsselwortdokumentation}},
	url = {https://help.sap.com/doc/abapdocu_750_index_htm/7.50/de-de/abenextended_program_check_guidl.htm},
	urldate = {2023-01-22},
	author = {SAP},
	keywords = {external},
}

@misc{sap_development_nodate,
	title = {Development in the {ABAP} {Environment} {\textbar} {SAP} {Help} {Portal}},
	url = {https://help.sap.com/docs/btp/sap-business-technology-platform/development-in-abap-environment?locale=en-US},
	urldate = {2023-01-22},
	author = {SAP},
	keywords = {external},
	file = {Development in the ABAP Environment | SAP Help Portal:/Users/I538983/Zotero/storage/DHQAQIQY/development-in-abap-environment.html:text/html},
}

@misc{sap_code_nodate,
	title = {Code {Inspector} - {ABAP}-{Schlüsselwortdokumentation}},
	url = {https://help.sap.com/doc/abapdocu_750_index_htm/7.50/de-de/abencode_inspector_guidl.htm},
	urldate = {2023-01-22},
	author = {SAP},
	keywords = {external},
}

@misc{sap_abap_nodate,
	title = {{ABAP} {Test} {Cockpit} - {ABAP}-{Schlüsselwortdokumentation}},
	url = {https://help.sap.com/doc/abapdocu_750_index_htm/7.50/de-de/abenabap-testcockpit_guidl.htm},
	urldate = {2023-01-22},
	author = {SAP},
	keywords = {external},
}

@misc{sap_abap_nodate-1,
	title = {{ABAP} {Objects} als {Programmiermodell} - {ABAP}-{Schlüsselwortdokumentation}},
	url = {https://help.sap.com/doc/abapdocu_750_index_htm/7.50/de-de/abenabap_obj_progr_model_guidl.htm},
	urldate = {2023-01-22},
	author = {SAP},
	keywords = {external},
}

@book{hardy_improving_2021,
	address = {North Strathfield, Australien},
	title = {Improving the {Quality} of {ABAP} {Code}},
	publisher = {Apress},
	author = {Hardy, Paul David},
	year = {2021},
	keywords = {external},
}

@book{mcdonough_automated_2021,
	address = {Pennington, USA},
	title = {Automated {Unit} {Testing} with {ABAP}},
	publisher = {Apress},
	author = {McDonough, James E.},
	year = {2021},
	keywords = {external},
}

@book{pegiel_abap_2021,
	address = {Tychy, Polen},
	title = {{ABAP} in {Eclipse}},
	publisher = {Apress},
	author = {Pegiel, Lukasz},
	year = {2021},
	keywords = {external},
}

@book{mcdonough_object-oriented_2017,
	address = {Pennington, USA},
	title = {Object-{Oriented} {Design} with {ABAP}},
	publisher = {Apress},
	author = {McDonough, James E.},
	year = {2017},
	keywords = {external},
}

@book{zaidi_sap_2019,
	address = {Dubai, UAE},
	title = {{SAP} {ABAP} {Objects}},
	publisher = {Apress},
	author = {Zaidi, Rehan},
	year = {2019},
	keywords = {external},
}

@book{sap-documentation_abap4_1996,
	address = {Walldorf},
	title = {{ABAP}/4 {User}'s {Guide} {Basics}},
	publisher = {SAP AG},
	author = {SAP-Documentation},
	year = {1996},
	keywords = {external},
}

@book{sap-documentation_abap4_1996-1,
	address = {Walldorf},
	title = {{ABAP}/4 {Dictionary}},
	publisher = {SAP AG},
	author = {SAP-Documentation},
	year = {1996},
	keywords = {external},
}

@book{nielsen_designing_2000,
	address = {Indianapolis, USA},
	title = {Designing {Web} {Usability}},
	publisher = {New Riders Publishing},
	author = {Nielsen, Jakob},
	year = {2000},
	keywords = {external},
}

@book{blumenthal_abap_2005,
	address = {Bonn},
	title = {{ABAP} {Fortgeschrittene} {Techniken} und {Tools}},
	publisher = {SAP PRESS},
	author = {Blumenthal, Andreas and Keller, Horst},
	year = {2005},
	keywords = {external},
}

@book{koble_entwicklung_2007,
	address = {Bonn},
	title = {Entwicklung barrierefreier {Software} mit {SAP} {NetWeaver}},
	publisher = {SAP PRESS},
	author = {Köble, Josef},
	year = {2007},
	keywords = {external},
}

@book{keller_abap_2006,
	address = {Bonn},
	title = {{ABAP} {Objects}},
	publisher = {SAP PRESS},
	author = {Keller, Horst and Krüger, Sascha},
	year = {2006},
	keywords = {external},
}

@book{neunzig_abap_2022,
	address = {Walldorf},
	title = {{ABAP} {Workshop} {Handbuch}},
	publisher = {SAP Ausbildungsabteilung},
	author = {Neunzig, Mathis},
	year = {2022},
	keywords = {internal},
}

@book{rubin_handbook_1994,
	address = {Morganville, USA},
	title = {Handbook of {Usability} {Testing}},
	publisher = {John Wiley \& Sonc Inc.},
	author = {Rubin, Jeffrey},
	year = {1994},
	keywords = {external},
}

@misc{sap_abap_nodate-2,
	title = {{ABAP} {RESTful} {Application} {Programming} {Model} ({RAP}) {\textbar} {SAP} {Community}},
	url = {https://community.sap.com/topics/abap/rap},
	urldate = {2023-01-31},
	author = {SAP},
	keywords = {external},
}

@misc{architect_einfuhrung_2020,
	title = {Einführung in das {ABAP} {RESTful} {Application} {Programming} {Model} ({RAP})},
	url = {https://cpro-ips.com/blog/2020/10/30/einfuehrung-in-das-abap-restful-application-programming-model-rap/},
	abstract = {Wie Sie mit dem ABAP RESTful Application Programming Model (RAP) SAP HANA-optimierte OData Services schreiben können, erfahren Sie hier ✅},
	language = {de},
	urldate = {2023-01-31},
	journal = {Cpro Industry Projects \& Solutions GmbH},
	author = {Architect), Volker Ritzau (GS-Leiter/SAP Senior Solution},
	year = {2020},
	keywords = {external},
	file = {Snapshot:/Users/I538983/Zotero/storage/2NSI6QRQ/einfuehrung-in-das-abap-restful-application-programming-model-rap.html:text/html},
}

@misc{sap_adt_nodate,
	title = {{ADT} {Relation} {Explorer} {\textbar} {SAP} {Blogs}},
	url = {https://blogs.sap.com/2020/10/15/adt-relation-explorer/},
	urldate = {2023-01-31},
	author = {SAP},
	keywords = {external},
}

@misc{sap_relation_nodate,
	title = {Relation {Explorer} {\textbar} {SAP} {Help} {Portal}},
	url = {https://help.sap.com/docs/ABAP_PLATFORM_NEW/c238d694b825421f940829321ffa326a/9d99b49dccbc414697e253e153d32da7.html},
	urldate = {2023-01-31},
	author = {SAP},
	keywords = {external},
}

@misc{sap_abap_nodate-3,
	title = {{ABAP} for {Newbies} {\textbar} {SAP} {Community}},
	url = {https://community.sap.com/topics/abap/abap-for-newbies},
	urldate = {2023-01-31},
	author = {SAP},
	keywords = {external},
}

@misc{sap_kurz_2020,
	title = {Kurz erklärt: {Das} {ABAP} {RESTful} {Programming} {Model}},
	shorttitle = {Kurz erklärt},
	url = {https://erlebe-software.de/sap-hana-entwicklung/kurz-erklaert-das-abap-restful-programming-model/},
	abstract = {Das ABAP RESTful Programming Model definiert eine effiziente Architektur zur Entwicklung von SAP HANA-optimierten OData-Services (z.B. SAP Fiori-Apps) in der ABAP-Umgebung. Es ist der evolutionäre Nachfolger des ABAP Programming Model for SAP Fiori und steht für Kunden und Partner innerhalb der SAP Cloud Plattform (ab Release 1808) und innerhalb der ABAP Platform (ab Version 7.54, […]},
	language = {de-DE},
	urldate = {2023-01-31},
	journal = {Erlebe Software},
	author = {SAP},
	year = {2020},
	keywords = {external},
}

@book{sap_abap_2020,
	address = {Walldorf},
	title = {{ABAP} {RESTful} {Application} {Programming} {Model}},
	publisher = {SAP SE},
	author = {SAP},
	year = {2020},
	keywords = {external},
}

@book{kuhnapfel_scoring_2021,
	address = {Ludwigshafenn},
	title = {Scoring und {Nutzwertanalysen}},
	publisher = {Springer Nature},
	author = {Kühnapfel, Jörg B.},
	year = {2021},
	keywords = {external},
}

@book{sarferaz_transactional_2022,
	address = {Cham, Schweiz},
	title = {Transactional {Programming} {Model}},
	publisher = {Springer Nature},
	author = {Sarferaz, Siar},
	year = {2022},
	keywords = {external},
}

@book{baumbusch_abap_2022,
	address = {Bonn},
	title = {{ABAP} {RESTful} {Application} {Programming} {Model}},
	publisher = {SAP PRESS},
	author = {Baumbusch, Lutz and Jäger, Matthias and Lensch, Michael},
	year = {2022},
	keywords = {external},
}

@misc{udinade_abap_nodate,
	title = {{ABAP} {RESTful} {Application} {Programming} {Model} ({RAP}) {\textbar} {Business} {Technology} {Platform}},
	url = {https://btp.udina.de/development/model/rap.html},
	urldate = {2023-02-12},
	author = {Udina.de},
	keywords = {external},
	file = {ABAP RESTful Application Programming Model (RAP) | Business Technology Platform:/Users/I538983/Zotero/storage/C7ZM863L/rap.html:text/html},
}

@misc{sap_abap_nodate-4,
	title = {{ABAP} {RESTful} {Application} {Programming} {Model} {\textbar} {SAP} {Help} {Portal}},
	url = {https://help.sap.com/docs/btp/sap-abap-restful-application-programming-model/abap-restful-application-programming-model?locale=en-US},
	urldate = {2023-02-12},
	author = {SAP},
	keywords = {external},
	file = {ABAP RESTful Application Programming Model | SAP Help Portal:/Users/I538983/Zotero/storage/B5Y2B5TF/abap-restful-application-programming-model.html:text/html},
}

@misc{nguyenduc_sap_2022,
	title = {[{SAP} {RAP}] – {BEGIN} {WITH} {RESTFUL} {APPLICATION} {PROGRAMMING}},
	url = {https://sapzero2hero.com/2022/11/27/sap-rap-begin-with-restful-application-programming/},
	abstract = {Hi guys, after exploring about CDS view, next I want to share my understand about RAP – Restful application programming. First We need to setup something before exploring RAP – RESTFul …},
	language = {en},
	urldate = {2023-02-12},
	journal = {SAP Zero to Hero},
	author = {NguyenDuc, Huy},
	year = {2022},
	keywords = {external},
	file = {Snapshot:/Users/I538983/Zotero/storage/CB56BLLL/sap-rap-begin-with-restful-application-programming.html:text/html},
}

@book{chappell_introducing_2011,
	address = {ohne Ort},
	title = {Introducing {OData}},
	publisher = {davidchappell.com},
	author = {Chappell, David},
	year = {2011},
	keywords = {external},
}

@misc{odataorg_odata_nodate,
	title = {{OData} - the {Best} {Way} to {REST}},
	url = {https://www.odata.org/},
	urldate = {2023-02-12},
	author = {odata.org},
	keywords = {external},
	file = {OData - the Best Way to REST:/Users/I538983/Zotero/storage/GMXJ4AFA/www.odata.org.html:text/html},
}

@misc{sap_sap_nodate-2,
	title = {{SAP} {Gateway} {\textbar} {SAP} {Community}},
	url = {https://community.sap.com/topics/gateway},
	urldate = {2023-02-12},
	author = {SAP},
	keywords = {external},
	file = {SAP Gateway | SAP Community:/Users/I538983/Zotero/storage/S3Q9CY3K/gateway.html:text/html},
}

@book{richards_pro_2006,
	address = {Berkeley, USA},
	title = {Pro {PHP} {XML} and {Web} {Services}},
	publisher = {Apress},
	author = {Richards, Robert},
	year = {2006},
	keywords = {external},
}

@book{chaslot_monte-carlo_2010,
	address = {Maastricht, Belgien},
	title = {Monte-{Carlo} {Tree} {Search}},
	publisher = {Netherlands Organisation for Scientific Research},
	author = {Chaslot, Guillaume Maurice Jean-Bernard},
	year = {2010},
	keywords = {external},
}

@incollection{browne_survey_2012,
	address = {ohne Ort},
	title = {A {Survey} of {Monte} {Carlo} {Tree} {Search} {Methods}},
	booktitle = {{IEEE} {Transactions} on {Computational} {Intelligence} and {AI} in {Games}},
	publisher = {IEEE},
	author = {Browne, Cameron B. and Powley, Edward and Whitehouse, Daniel},
	year = {2012},
	keywords = {external},
}

@misc{techiedelightcom_breitensuche_nodate,
	title = {Breitensuche ({BFS}) – {Iterative} und rekursive {Implementierung}},
	url = {https://www.techiedelight.com/de/breadth-first-search/},
	abstract = {Die Breitensuche (BFS) ist ein Algorithmus zum Durchlaufen oder Durchsuchen von Baum- oder Diagrammdatenstrukturen. Es beginnt an der Baumwurzel (oder einem beliebigen Knoten eines Graphen, der manchmal als "Suchschlüssel" bezeichnet wird) und untersucht zuerst die Nachbarknoten, bevor es zu den Nachbarn der nächsten Ebene übergeht.},
	language = {en-US},
	urldate = {2023-02-12},
	author = {TechieDelight.com},
	keywords = {external},
	file = {Snapshot:/Users/I538983/Zotero/storage/BDJYGV9Y/breadth-first-search.html:text/html},
}

@misc{techiedelightcom_tiefensuche_nodate,
	title = {Tiefensuche ({DFS}) – {Iterative} und rekursive {Implementierung}},
	url = {https://www.techiedelight.com/de/depth-first-search/},
	abstract = {Die Tiefensuche (DFS) ist ein Algorithmus zum Durchlaufen oder Durchsuchen von Baum- oder Diagrammdatenstrukturen. Man beginnt an der Wurzel (indem man einen beliebigen Knoten als Wurzel für einen Graphen auswählt) und untersucht so weit wie möglich entlang jeder Verzweigung, bevor man zurückverfolgt.},
	language = {en-US},
	urldate = {2023-02-12},
	author = {TechieDelight.com},
	keywords = {external},
	file = {Snapshot:/Users/I538983/Zotero/storage/N365C5VT/depth-first-search.html:text/html},
}

@misc{djomo_evolution_2019,
	title = {Evolution of the {ABAP} {Programming} {Model} {\textbar} {SAP} {Blogs}},
	url = {https://blogs.sap.com/2019/02/08/evolution-of-the-abap-programming-model/},
	urldate = {2023-02-13},
	author = {Djomo, Carine Tchoutouo},
	year = {2019},
	keywords = {external},
	file = {Evolution of the ABAP Programming Model | SAP Blogs:/Users/I538983/Zotero/storage/F4PIRXE7/evolution-of-the-abap-programming-model.html:text/html},
}

@misc{sap_sap_nodate-3,
	title = {{SAP} {S}/{4HANA} {Cloud}, {Public} {Edition}},
	url = {https://www.sap.com/germany/products/erp/s4hana.html},
	abstract = {Noch nicht mit ERP vertraut? Starten Sie noch heute mit unserer ERP-Lösung SAP S/4HANA Cloud, Public Edition, für die öffentliche Cloud.},
	language = {German},
	urldate = {2023-02-14},
	journal = {SAP},
	author = {SAP},
	keywords = {external},
	file = {Snapshot:/Users/I538983/Zotero/storage/5M5MUGNQ/s4hana.html:text/html},
}

@book{plattner_course_2013,
	address = {Potsdam},
	title = {A {Course} in {In}-{Memory} {Data} {Management}},
	publisher = {Springer Heidelberg-Berlin},
	author = {Plattner, Hasso},
	year = {2013},
	keywords = {external},
}

@book{keller_abap_2012,
	address = {Bonn},
	title = {{ABAP} {Reference}},
	volume = {2},
	publisher = {SAP PRESS},
	author = {Keller, Horst},
	year = {2012},
	keywords = {external},
}

@book{schneider-neureither_java_2004,
	address = {Bonn},
	title = {Java für {ABAP}-{Entwickler}},
	publisher = {SAP PRESS},
	author = {Schneider-Neureither, Andreas and Noll, Bernd and Schlindwein, Andreas and Schüngel, Andre and Wittenbeck, Dominik},
	year = {2004},
	keywords = {external},
}

@book{ullenboom_java_2021,
	address = {Bonn},
	edition = {15},
	title = {Java ist auch eine {Insel}},
	publisher = {Rheinwerk Verlag},
	author = {Ullenboom, Christian},
	year = {2021},
	keywords = {external},
}

@misc{dart_sap_nodate,
	title = {{SAP} {Fiori} for {SAP} {S}/{4HANA} – {What} is {Key} {User} {Extensibility} and {Who} are your {Key} {Users} {\textbar} {SAP} {Blogs}},
	url = {https://blogs.sap.com/2022/11/04/sap-fiori-for-sap-s-4hana-what-is-key-user-extensibility-and-who-are-your-key-users/},
	urldate = {2023-02-16},
	author = {Dart, Jocelyn},
	keywords = {external},
	file = {SAP Fiori for SAP S/4HANA – What is Key User Extensibility and Who are your Key Users | SAP Blogs:/Users/I538983/Zotero/storage/P4KAKQ62/sap-fiori-for-sap-s-4hana-what-is-key-user-extensibility-and-who-are-your-key-users.html:text/html},
}

@book{sap_btp100_2022,
	address = {Walldorf},
	edition = {22},
	title = {{BTP100} - {Business} {Technology} {Platform} {Foundation}},
	publisher = {SAP SE},
	author = {SAP},
	year = {2022},
	keywords = {internal},
}

@book{sap_installing_2022,
	address = {Walldorf},
	title = {Installing {ABAP} {Development} {Tools}},
	publisher = {SAP SE},
	author = {SAP},
	year = {2022},
	keywords = {external},
	file = {Installing ABAP Development Tools.pdf:/Users/I538983/Zotero/storage/KY4235UN/Installing ABAP Development Tools.pdf:application/pdf},
}

@misc{kaup_was_2021,
	title = {Was sind und können {CDS} {Views}?},
	url = {https://infocient.de/blog/sap-grundlagen/was-sind-und-koennen-cds-views/},
	abstract = {Was sind CDS Views, welche Vorteile haben CDS Views, Definition CDS Views und Kennzeichen und CDS Views Beispiele finden sich in diesem Beitrag},
	language = {de-DE},
	urldate = {2023-02-16},
	journal = {Infocient},
	author = {Kaup, Anja},
	year = {2021},
	keywords = {external},
	file = {Snapshot:/Users/I538983/Zotero/storage/CDMMGCC3/was-sind-und-koennen-cds-views.html:text/html},
}

@misc{sap_rise_nodate,
	title = {Rise with {SAP} {\textbar} {Digitale} {Transformation} \& {Neuausrichtung}},
	url = {https://www.sap.com/germany/products/rise.html},
	abstract = {RISE with SAP ist das umfassende Angebot einer intelligenten, kundenspezifischen Lösung für die digitale Geschäftstransformation als Service. Mehr Infos},
	language = {German},
	urldate = {2023-02-16},
	journal = {SAP},
	author = {SAP},
	keywords = {external},
	file = {Snapshot:/Users/I538983/Zotero/storage/SXI66BLD/rise.html:text/html},
}

@misc{wunderle_cloud-strategie_2022,
	title = {Cloud-{Strategie} setzt auf grüne {Rechenzentren}},
	url = {https://news.sap.com/germany/2022/06/cloud-strategie-rechenzentren/},
	abstract = {Lesen Sie hier: Kunden konzentrieren sich zunehmend auf die Cloud sowie auf Nachhaltigkeit, insbesondere auf die Kombination durch grüne Rechenzentren.},
	language = {de-DE},
	urldate = {2023-02-16},
	journal = {SAP News Center},
	author = {Wunderle, Bettina},
	year = {2022},
	keywords = {external},
	file = {Snapshot:/Users/I538983/Zotero/storage/C5R8QS6Z/cloud-strategie-rechenzentren.html:text/html},
}

@misc{gebhard_learn_2021,
	address = {Walldorf},
	title = {Learn {About} {Our} {ABAP} {Strategy} {\textbar} {SAP} {TechEd} 2021},
	url = {https://www.youtube.com/watch?v=VJJPEqETHg0&ab_channel=SAPTechEd},
	author = {Gebhard, Boris},
	year = {2021},
	keywords = {external},
}

@book{kruger_abap_2005,
	address = {Bonn},
	title = {{ABAP} {Best} {Practices}},
	publisher = {SAP PRESS},
	author = {Krüger, Sascha and Seelmann-Eggebert, Jörg},
	year = {2005},
	keywords = {external},
}

@misc{wurz_abap_2023,
	title = {{ABAP} {File} {Formats}},
	copyright = {MIT},
	url = {https://github.com/SAP/abap-file-formats/blob/07d3c7479ba77d0430e892d264042fd4055adef2/docs/json.md},
	abstract = {File formats that define and specify the file representation for ABAP development objects},
	urldate = {2023-02-23},
	publisher = {SAP},
	author = {Wurz, Katharina and Mink, Albert and Schneider, Michael and Hvam, Lars and Huber, Nicolas},
	year = {2023},
	note = {original-date: 2021-02-16T08:03:50Z},
	keywords = {external},
}

@misc{hermann_how_nodate,
	title = {How to {Add} an {Object} {Type} as {Generic} {Editor} - {Development} {Infrastructure} - {Wiki}@{SAP}},
	url = {https://wiki.one.int.sap/wiki/display/aie/How+to+Add+an+Object+Type+as+Generic+Editor},
	urldate = {2023-02-23},
	author = {Hermann, Christopher},
	keywords = {internal},
	file = {How to Add an Object Type as Generic Editor - Development Infrastructure - Wiki@SAP:/Users/I538983/Zotero/storage/HZ5S8CYS/How+to+Add+an+Object+Type+as+Generic+Editor.html:text/html},
}

@book{backhaus_multivariate_2021,
	address = {Wiesbaden},
	edition = {16},
	title = {Multivariate {Analysemethoden}},
	publisher = {Springer Gabler},
	author = {Backhaus, Klaus and Erichson, Bernd and Gensler, Sonja and Weiber, Rolf and Weiber, Thomas},
	year = {2021},
	keywords = {external},
}

@book{brosius_spss_2018,
	address = {Frechen},
	edition = {8},
	title = {{SPSS} - {Umfassendes} {Handbuch} zu {Stastik} und {Datenanalyse}},
	author = {Brosius, F.},
	year = {2018},
	keywords = {external},
}

@book{han_data_2012,
	address = {Amsterdam, Niederlande},
	edition = {3},
	title = {Data {Mining} - {Concepts} and {Techniques}},
	author = {Han, J. and Kamber, M. and Pei, J.},
	year = {2012},
	keywords = {external},
}

@book{tiemann_inferenzmethoden_2019,
	address = {München},
	edition = {1},
	title = {Inferenzmethoden und {Multivariate} {Statistik}},
	publisher = {UVK Verlag},
	author = {Tiemann, Veith},
	year = {2019},
	keywords = {external},
}

@book{backhaus_fortgeschrittene_2015,
	address = {Berlin},
	edition = {3},
	title = {Fortgeschrittene {Multivariate} {Analysemethoden}},
	publisher = {Springer Heidelberg-Berlin},
	author = {Backhaus, Klaus and Erichson, Bernd and Weiber, Rolf},
	year = {2015},
	keywords = {external},
}

@book{huber_grundlagen_2014,
	address = {Wiesbaden},
	title = {Grundlagen der {Varianzanalyse}},
	publisher = {Springer Gabler},
	author = {Huber, Frank and Meyer, Frederik and Lenzen, Michael},
	year = {2014},
	keywords = {external},
}

@misc{ibm_deutschland_gmbh_spss_2022,
	title = {{SPSS} {Statistics} - Überblick},
	url = {https://www.ibm.com/de-de/products/spss-statistics},
	abstract = {Entdecken Sie eine umfassende Software-Plattform für statistische Auswertungen, die für einfache und schnelle Einsichten zur Lösung von Geschäfts-und Forschungsproblemen konzipiert ist.},
	language = {de-de},
	urldate = {2023-02-27},
	author = {{IBM Deutschland GmbH}},
	year = {2022},
	keywords = {external},
	file = {Snapshot:/Users/I538983/Zotero/storage/48G655YF/spss-statistics.html:text/html},
}

@book{hartung_multivariate_2007,
	address = {München},
	title = {Multivariate {Statistik}},
	volume = {7},
	publisher = {Oldenbourg Verlag},
	author = {Hartung, Joachim and Elpelt, Bärbel},
	year = {2007},
	keywords = {external},
}

@misc{oracle_system_nodate,
	title = {System ({Java} {Platform} {SE} 7 )},
	url = {https://docs.oracle.com/javase/7/docs/api/java/lang/System.html#currentTimeMillis()},
	urldate = {2023-02-28},
	journal = {Java Docs},
	author = {{Oracle}},
	keywords = {external},
	file = {System (Java Platform SE 7 ):/Users/I538983/Zotero/storage/28TCC7VS/System.html:text/html},
}

@misc{gopalakrishnan_rap_2021,
	title = {{RAP} {Generator} {ADT} {Wizard} - {ABAP} for {HANA} - {Wiki}@{SAP}},
	url = {https://wiki.one.int.sap/wiki/display/A4H/RAP+Generator+ADT+Wizard},
	urldate = {2023-03-06},
	author = {Gopalakrishnan, Ramachandran},
	year = {2021},
	keywords = {internal},
	file = {RAP Generator ADT Wizard - ABAP for HANA - Wiki@SAP:/Users/I538983/Zotero/storage/QGVF5CT6/RAP+Generator+ADT+Wizard.html:text/html},
}

@misc{arunkumar_how_2021,
	title = {How to create your own {ADT} {Object} {Generator} - {ABAP} for {HANA} - {Wiki}@{SAP}},
	url = {https://wiki.one.int.sap/wiki/display/A4H/How+to+create+your+own+ADT+Object+Generator},
	urldate = {2023-03-06},
	author = {Arunkumar, S.},
	year = {2021},
	keywords = {internal},
	file = {How to create your own ADT Object Generator - ABAP for HANA - Wiki@SAP:/Users/I538983/Zotero/storage/NDVCE894/How+to+create+your+own+ADT+Object+Generator.html:text/html},
}

@book{keller_abap_2010,
	address = {Bonn},
	edition = {3},
	title = {{ABAP} {Referenz}},
	volume = {1},
	publisher = {SAP PRESS},
	author = {Keller, Horst},
	year = {2010},
	keywords = {external},
}

@book{schicht_sap_1999,
	address = {Bonn},
	title = {{SAP} {R}/3 - {Der} schnelle {Einstieg}},
	publisher = {Addison-Wesley-Longman Verlag},
	author = {Schicht, Gabriele and Schmieden, Andrea},
	year = {1999},
	keywords = {external},
}

@misc{eclipseorg_pdeuser_nodate,
	title = {{PDE}/{User} {Guide} - {Eclipsepedia}},
	url = {https://wiki.eclipse.org/PDE/User_Guide},
	urldate = {2023-03-13},
	author = {{Eclipse.org}},
	keywords = {external},
	file = {PDE/User Guide - Eclipsepedia:/Users/I538983/Zotero/storage/UARA4KXV/User_Guide.html:text/html},
}

@book{shavor_eclipse_2004,
	address = {München},
	title = {Eclipse - {Anwendungen} und {Plugin}-ins mit {Java} entwickeln},
	publisher = {Addison-Wesley-Longman Verlag},
	author = {Shavor, Sherry and D'Anjou, Jim and Fairbrother, Scott and Kehn, Dan and Kellerman, John and McCarthy, Pat},
	year = {2004},
	keywords = {external},
}

@book{sap_cld400_2022,
	address = {Walldorf},
	edition = {15},
	title = {{CLD400} - {Developing} with {SAP} {BTP} {ABAP} {Environment}},
	publisher = {SAP SE},
	author = {SAP},
	year = {2022},
	keywords = {internal},
}

@incollection{salem_flight-schedule_2022,
	address = {Baghdad, Irak},
	title = {Flight-schedule using {Dijkstra}'s algorithm with comparison of route findings},
	booktitle = {International {Journal} of {Electrical} and {Computer} {Engineering} ({IJECE})},
	publisher = {IEEE},
	author = {Salem, Israa Ezzat and Mijwil, Maad M. and Abdulqader, Alaa Wagih and Ismael, Marwa M.},
	year = {2022},
	keywords = {external},
}

@incollection{barbehenn_note_1998,
	address = {München},
	edition = {2},
	title = {A {Note} on the {Complexity} of {Dijkstra}'s {Algorithm} for {Graphs} with {Weighted} {Vertices}},
	volume = {47},
	booktitle = {{IEEE} {Transactions} on {Computers}},
	publisher = {IEEE},
	author = {Barbehenn, Michael},
	year = {1998},
	keywords = {external},
}

@incollection{mohring_partitioning_2006,
	address = {Berlin / Karlsruhe},
	title = {Partitioning {Graphs} to {Speedup} {Dijkstra}'s {Algorithm}},
	volume = {11},
	booktitle = {{ACM} {Journal} of {Experimental} {Algorithmics}},
	publisher = {ACM},
	author = {Möhring, Rolf H. and Schilling, Heiko and Schütz, Birk and Wagner, Dorothea and Willhalm, Thomas},
	year = {2006},
	keywords = {external},
}

@book{nadira_dijkstras_2012,
	address = {Sarajevo, Kroatien},
	title = {Dijkstra's shortest path algorithm serial and parallel execution performance analysis},
	publisher = {University of Sarajevo},
	author = {Nadira, Jasika and Naida, Alispahic and Arslanagic, Elma and Kurtovic, Ilvana and Lagumdzija, Elma and Novica, Nosovic},
	year = {2012},
	keywords = {external},
}

@book{chang_personas_2008,
	address = {Indiana, USA / Daejeon, Korea},
	title = {Personas: {From} {Theory} to {Practices}},
	publisher = {Indiana University / KAIST Korea},
	author = {Chang, Yen-ning and Lim, Youn-kyung and Stolterman, Erik},
	year = {2008},
	keywords = {external},
}

@book{bruna_designing_2015,
	address = {Manaus, Brasilien},
	title = {Designing {Personas} with {Empathy} {Map}},
	publisher = {Universidade Federal do Amazonas},
	author = {Bruna, Ferreira and Williamson, Silva and Edson, Oliveira and Conte, Tayana},
	year = {2015},
	keywords = {external},
}

@book{berg_sap_2012,
	address = {Bonn},
	title = {{SAP} {HANA}},
	publisher = {SAP PRESS},
	author = {Berg, Bjarne and Silvia, Penny},
	year = {2012},
	keywords = {external},
}

@book{blumenthal_abap_2009,
	address = {Bonn},
	title = {{ABAP} {Fortgeschrittene} {Techniken} und {Tools} 2},
	publisher = {SAP PRESS},
	author = {Blumenthal, Andreas and Keller, Horst},
	year = {2009},
	keywords = {external},
}

@misc{nielsen_response_1993,
	title = {Response {Time} {Limits}: {Article} by {Jakob} {Nielsen}},
	shorttitle = {Response {Time} {Limits}},
	url = {https://www.nngroup.com/articles/response-times-3-important-limits/},
	abstract = {How users react to delays in a user interface, whether website or application. The 3 main response time limits are determined by human perceptual abilities.},
	language = {en},
	urldate = {2023-03-15},
	journal = {Nielsen Norman Group},
	author = {Nielsen, Jakob},
	year = {1993},
	keywords = {external},
	file = {Snapshot:/Users/I538983/Zotero/storage/I6NRSBD2/response-times-3-important-limits.html:text/html},
}

@misc{nielsen_powers_2009,
	title = {Powers of 10: {Time} {Scales} in {User} {Experience}},
	shorttitle = {Powers of 10},
	url = {https://www.nngroup.com/articles/powers-of-10-time-scales-in-ux/},
	abstract = {From 0.1 seconds to 10 years or more, user interface design has many different timeframes, and each has its own particular usability issues.},
	language = {en},
	urldate = {2023-03-15},
	journal = {Nielsen Norman Group},
	author = {Nielsen, Jakob},
	year = {2009},
	keywords = {external},
	file = {Snapshot:/Users/I538983/Zotero/storage/L6JQ69VN/powers-of-10-time-scales-in-ux.html:text/html},
}

@misc{nielsen_10_1994,
	title = {10 {Usability} {Heuristics} for {User} {Interface} {Design}},
	url = {https://www.nngroup.com/articles/ten-usability-heuristics/},
	urldate = {2023-03-15},
	journal = {Nielsen Norman Group},
	author = {Nielsen, Jakob},
	year = {1994},
	keywords = {external},
	file = {10 Usability Heuristics for User Interface Design:/Users/I538983/Zotero/storage/3CIJK8BA/ten-usability-heuristics.html:text/html},
}

@book{menard_10_2018,
	address = {Walldorf},
	title = {10 {Heuristics} of {Design} @{SAP}},
	publisher = {SAP SE},
	author = {Menard, Sarah},
	year = {2018},
	keywords = {internal},
}

@misc{wachs_extensibility_2023,
	title = {Extensibility related {RAP} {Qualities} - {ABAP} for {HANA} - {Wiki}@{SAP}},
	url = {https://wiki.one.int.sap/wiki/display/A4H/Extensibility+related+RAP+Qualities},
	urldate = {2023-03-15},
	author = {Wachs, Daniel and Akkaya, Ünal},
	year = {2023},
	keywords = {internal},
	file = {Extensibility related RAP Qualities - ABAP for HANA - Wiki@SAP:/Users/I538983/Zotero/storage/65WY9DSK/Extensibility+related+RAP+Qualities.html:text/html},
}

@misc{wachs_rap_2023,
	title = {{RAP} - {How} to release a {RAP} {BO} for developer extensibility - {ABAP} for {HANA} - {Wiki}@{SAP}},
	url = {https://wiki.one.int.sap/wiki/pages/viewpage.action?pageId=2804559501},
	urldate = {2023-03-15},
	author = {Wachs, Daniel and Hermanns, Marcel},
	year = {2023},
	keywords = {internal},
	file = {RAP - How to release a RAP BO for developer extensibility - ABAP for HANA - Wiki@SAP:/Users/I538983/Zotero/storage/UTZFQSTQ/viewpage.html:text/html},
}

@book{gibbons_algorithmic_1985,
	address = {Cambridge, Großbritanien},
	title = {Algorithmic {Graph} {Theory}},
	publisher = {Cambridge University Print},
	author = {Gibbons, Alan},
	year = {1985},
	keywords = {external},
}

@book{keller_abap_2009,
	address = {Bonn},
	title = {{ABAP} {Programmierrichtlinien}},
	publisher = {SAP PRESS},
	author = {Keller, Horst and Thümmel, Wolf Hagen},
	year = {2009},
	keywords = {external},
}

@book{clayberg_eclipse_2008,
	address = {Boston, USA},
	edition = {3},
	title = {eclipse {Plug}-ins},
	publisher = {Addison-Wesley-Longman Verlag},
	author = {Clayberg, Eric and Rubel, Dan},
	year = {2008},
	keywords = {external},
}

@book{eilenberger_sap_2011,
	address = {Bonn},
	title = {{SAP} {Code} {Inspector}},
	publisher = {SAP PRESS},
	author = {Eilenberger, Randolg and Ruggaber, Frank and Schilcher, Reinhard},
	year = {2011},
	keywords = {external},
}

@misc{sap_supported_nodate,
	title = {Supported {ABAP} {Object} {Types} {\textbar} {SAP} {Help} {Portal}},
	url = {https://help.sap.com/docs/btp/sap-business-technology-platform/supported-abap-object-types},
	urldate = {2023-03-16},
	author = {SAP},
	keywords = {internal},
	file = {Supported ABAP Object Types | SAP Help Portal:/Users/I538983/Zotero/storage/Y8CLAZ8K/supported-abap-object-types.html:text/html},
}

@misc{muller_rap_2023,
	title = {{RAP} {Object} ({Node}) {Type} ({SOT}) - {ABAP} {RESTful} {Programming} {Model} – {Services} - {Wiki}@{SAP}},
	url = {https://wiki.one.int.sap/wiki/pages/viewpage.action?pageId=2720434732},
	urldate = {2023-03-16},
	author = {Müller, Martin},
	year = {2023},
	keywords = {internal},
	file = {RAP Object (Node) Type (SOT) - ABAP RESTful Programming Model – Services - Wiki@SAP:/Users/I538983/Zotero/storage/RA4XMFEB/viewpage.html:text/html},
}

@misc{schnoerer_sap_2023,
	title = {{SAP} {Object} {Types} - {CDS} in the {Business} {Suite} - {Wiki}@{SAP}},
	url = {https://wiki.one.int.sap/wiki/display/SuiteCDS/SAP+Object+Types},
	urldate = {2023-03-16},
	author = {Schnoerer, Horst and Nolte, Jens-Christoph},
	year = {2023},
	keywords = {internal},
	file = {SAP Object Types - CDS in the Business Suite - Wiki@SAP:/Users/I538983/Zotero/storage/72KBUL39/SAP+Object+Types.html:text/html},
}

@misc{sap_business_nodate,
	title = {Business {Object} {Types}},
	url = {https://help.sap.com/doc/saphelp_nw73ehp1/7.31.19/en-US/4d/5b2676e5e91c86e10000000a42189b/content.htm?no_cache=true},
	urldate = {2023-03-16},
	author = {SAP},
	keywords = {external},
}

@misc{sap_node_nodate,
	title = {Node ({Business} {Object}) {\textbar} {SAP} {Help} {Portal}},
	url = {https://help.sap.com/docs/SAP_CLOUD_APPLICATIONS_STUDIO/cbcebe3cfb1647a8b0322c18dbb0b481/752a06df73e210148f9aced856bd4ccb.html?version=2019.05},
	urldate = {2023-03-16},
	author = {SAP},
	keywords = {external},
	file = {Node (Business Object) | SAP Help Portal:/Users/I538983/Zotero/storage/3JEEUAGG/752a06df73e210148f9aced856bd4ccb.html:text/html},
}

@book{kuhnapfel_nutzwertanalysen_2014,
	address = {Wiesbaden},
	title = {Nutzwertanalysen in {Marketing} und {Vertrieb}},
	publisher = {Springer Nature},
	author = {Kühnapfel, Jörg B.},
	year = {2014},
	keywords = {external},
}

@book{kotzab_uberblick_nodate,
	address = {Bremen},
	title = {Überblick zu wissenschaftlichen {Methoden} zur {Verfassung} von {Abschlussarbeiten}},
	publisher = {Universität Bremen},
	author = {Kotzab, Herbert},
	keywords = {external},
}

@book{nagel_bwl-methoden_2014,
	address = {Konstanz},
	title = {{BWL}-{Methoden}},
	publisher = {UVK Verlag},
	author = {Nagel, Michael and Mieke, Christian},
	year = {2014},
	keywords = {external},
}

@book{kuhnapfel_vertriebscontrolling_2013,
	address = {Wiesbaden},
	edition = {2},
	title = {Vertriebscontrolling},
	publisher = {Springer Nature},
	author = {Kühnapfel, Jörg B.},
	year = {2013},
	keywords = {external},
}

@book{oreilly_editorial_team_low-code_2021,
	address = {ohne Ort},
	title = {Low-{Code} and the {Democratization} of {Programming}},
	publisher = {O'Reilly Media Inc.},
	author = {{O'Reilly Editorial Team}},
	year = {2021},
	keywords = {external},
}

@misc{sap_grow_nodate,
	title = {{GROW} with {SAP} {\textbar} {Cloud} {ERP} {Adoption}},
	url = {https://www.sap.com/products/erp/grow.html},
	abstract = {GROW with SAP provides cloud-native ERP software, along with adoption services, community, and learning to help ensure your needs are consistently met along every stage of business growth.},
	language = {English},
	urldate = {2023-04-03},
	journal = {SAP},
	author = {SAP},
	keywords = {external},
	file = {Snapshot:/Users/I538983/Zotero/storage/4AQAR9VW/grow.html:text/html},
}

@misc{sap_rise_nodate-1,
	title = {{RISE} with {SAP} {\textbar} {Digitale} {Transformation} \& {Neuausrichtung}},
	url = {https://www.sap.com/germany/products/rise.html},
	abstract = {RISE with SAP ist das umfassende Angebot einer intelligenten, kundenspezifischen Lösung für die digitale Geschäftstransformation als Service. Mehr Infos},
	language = {German},
	urldate = {2023-04-03},
	journal = {SAP},
	author = {SAP},
	keywords = {external},
	file = {Snapshot:/Users/I538983/Zotero/storage/RAUACURS/rise.html:text/html},
}

@misc{fischer_abap_2023,
	title = {{ABAP} {Platform} {RAP} {Workshops}},
	url = {https://github.com/SAP-samples/abap-platform-rap-workshops},
	abstract = {This repository contains materials for workshops about the ABAP RESTful Application Programming Model (RAP). - abap-platform-rap-workshops/rap6xx/rap610/exercises at main · SAP-samples/abap-platfor...},
	language = {en},
	urldate = {2023-04-03},
	journal = {GitHub},
	author = {Fischer, Andre and Djomo, Carine Tchoutouo and Temel, Merve},
	year = {2023},
	keywords = {external},
	file = {Snapshot:/Users/I538983/Zotero/storage/NQH5PEP4/abap-platform-rap-workshops.html:text/html},
}

@book{patton_user_2021,
	address = {ohne Ort},
	title = {User {Story} {Mapping}},
	publisher = {O'Reilly Media Inc.},
	author = {Patton, Jeff},
	year = {2021},
	keywords = {external},
}

@misc{kattoor_abap_nodate,
	title = {{ABAP} on {SAP} {Cloud} platform – {ABAP} {RESTful} {Programming} {Model} ({RAP}) for beginners with {CRUD} example {\textbar} {SAP} {Blogs}},
	url = {https://blogs.sap.com/2019/05/23/sap-cloud-platform-abap-restful-programming-model-rap-for-beginners/},
	urldate = {2023-04-17},
	author = {Kattoor, Sony Sukumar},
	keywords = {external},
	file = {ABAP on SAP Cloud platform – ABAP RESTful Programming Model (RAP) for beginners with CRUD example | SAP Blogs:/Users/I538983/Zotero/storage/P6Z53CYW/sap-cloud-platform-abap-restful-programming-model-rap-for-beginners.html:text/html},
}

@misc{coderobbot_sales_2021,
	title = {Sales {Order} {App} using {RAP} – {Part} 1},
	url = {https://sapcodes.com/2021/09/28/sales-order-app-using-rap-part-1/},
	abstract = {The below post shows step by step , on how to create a very basic sales order app. In this part-1 will see how to design the sales order header with sales order number generation and value help for…},
	language = {en},
	urldate = {2023-04-17},
	journal = {SAPCODES},
	author = {{coderobbot}},
	year = {2021},
	keywords = {external},
	file = {Snapshot:/Users/I538983/Zotero/storage/88APGUR5/sales-order-app-using-rap-part-1.html:text/html},
}

@misc{mre_english_2009,
	title = {English:  {An} animation showing the {Depth}-{First}-{Algorithm} ({DFS}) used in {Computer} {Science}},
	copyright = {Permission is granted to copy, distribute and/or modify this document under the terms of the GNU Free Documentation License, Version 1.2 or any later version published by the Free Software Foundation; with no Invariant Sections, no Front-Cover Texts, and no Back-Cover Texts. A copy of the license is included in the section entitled GNU Free Documentation License.http://www.gnu.org/copyleft/fdl.htmlGFDLGNU Free Documentation Licensetruetrue},
	shorttitle = {English},
	url = {https://commons.wikimedia.org/wiki/File:Depth-First-Search.gif},
	urldate = {2023-04-17},
	author = {{Mre}},
	year = {2009},
	keywords = {external},
	file = {Wikimedia Snapshot:/Users/I538983/Zotero/storage/PSAHLDLH/FileDepth-First-Search.html:text/html},
}

@misc{mre_english_2009-1,
	title = {English:  {An} animation to visualize the {Breadth}-{First}-{Search} ({BFS}) {Algorithm} used in {Computer} {Science}.},
	copyright = {Permission is granted to copy, distribute and/or modify this document under the terms of the GNU Free Documentation License, Version 1.2 or any later version published by the Free Software Foundation; with no Invariant Sections, no Front-Cover Texts, and no Back-Cover Texts. A copy of the license is included in the section entitled GNU Free Documentation License.http://www.gnu.org/copyleft/fdl.htmlGFDLGNU Free Documentation Licensetruetrue},
	shorttitle = {English},
	url = {https://commons.wikimedia.org/wiki/File:Breadth-First-Search-Algorithm.gif},
	urldate = {2023-04-17},
	author = {{Mre}},
	year = {2009},
	keywords = {external},
	file = {Wikimedia Snapshot:/Users/I538983/Zotero/storage/829BMXBR/FileBreadth-First-Search-Algorithm.html:text/html},
}
